@book{latex,
  title = {LaTeX : A Documentation Preparation System User's Guide and Reference Manual},
  publisher = {Addison-Wesley Professional},
  year = {1994},
  author = {Leslie Lamport}
}

@article{clarke2009model,
  title={Model checking: algorithmic verification and debugging},
  author={Clarke, Edmund M and Emerson, E Allen and Sifakis, Joseph},
  journal={Communications of the ACM},
  volume={52},
  number={11},
  pages={74--84},
  year={2009},
  publisher={ACM New York, NY, USA}
}

@inproceedings{Neider2014ApplicationsOA,
  title={Applications of automata learning in verification and synthesis},
  author={Daniel Neider},
  year={2014},
  url={https://api.semanticscholar.org/CorpusID:1409186}
}

@inproceedings{Welzel2023InductiveSts,
  title={Inductive Statements for Regular Transition Systems},
  author={Christoph Welzel-Mohr},
  year={2023},
}

@inproceedings{KniesPentiumBug,
  title={Berühmt berüchtigte Softwarefehler: Der Pentium Division-Bug},
  author={Sebastian Knieschewski},
}

@article{koopman2014case,
  title={A case study of Toyota unintended acceleration and software safety},
  author={Koopman, Phil},
  journal={Presentation. Sept},
  year={2014}
}


@inproceedings{faster,
	address = {Berlin, Heidelberg},
	author = {Bardin, S{\'e}bastien and Finkel, Alain and Leroux, J{\'e}r{\^o}me},
	booktitle = {Tools and Algorithms for the Construction and Analysis of Systems},
	editor = {Jensen, Kurt and Podelski, Andreas},
	pages = {576--590},
	publisher = {Springer Berlin Heidelberg},
	title = {FASTer Acceleration of Counter Automata in Practice},
	year = {2004}
  }


@inproceedings{survey,
	address = {Berlin, Heidelberg},
	author = {Abdulla, Parosh Aziz and Jonsson, Bengt and Nilsson, Marcus and Saksena, Mayank},
	booktitle = {CONCUR 2004 - Concurrency Theory},
	editor = {Gardner, Philippa and Yoshida, Nobuko},
	pages = {35--48},
	publisher = {Springer Berlin Heidelberg},
	title = {A Survey of Regular Model Checking},
	year = {2004}}




@article{ANGLUIN198787,
title = {Learning regular sets from queries and counterexamples},
journal = {Information and Computation},
volume = {75},
number = {2},
pages = {87-106},
year = {1987},
issn = {0890-5401},
doi = {https://doi.org/10.1016/0890-5401(87)90052-6},
url = {https://www.sciencedirect.com/science/article/pii/0890540187900526},
author = {Dana Angluin},
abstract = {The problem of identifying an unknown regular set from examples of its members and nonmembers is addressed. It is assumed that the regular set is presented by a minimally adequate Teacher, which can answer membership queries about the set and can also test a conjecture and indicate whether it is equal to the unknown set and provide a counterexample if not. (A counterexample is a string in the symmetric difference of the correct set and the conjectured set.) A learning algorithm L∗ is described that correctly learns any regular set from any minimally adequate Teacher in time polynomial in the number of states of the minimum dfa for the set and the maximum length of any counterexample provided by the Teacher. It is shown that in a stochastic setting the ability of the Teacher to test conjectures may be replaced by a random sampling oracle, EX( ). A polynomial-time learning algorithm is shown for a particular problem of context-free language identification.}
}

@inproceedings{Bollig2009AngluinStyleLO,
  title={Angluin-Style Learning of NFA},
  author={Benedikt Bollig and Peter Habermehl and Carsten Kern and M. Leucker},
  booktitle={International Joint Conference on Artificial Intelligence},
  year={2009},
  url={https://api.semanticscholar.org/CorpusID:123632413}
}

@InProceedings{10.1007/3-540-44693-1_13,
author="Denis, Fran{\c{c}}ois
and Lemay, Aur{\'e}lien
and Terlutte, Alain",
editor="Ferreira, Afonso
and Reichel, Horst",
title="Residual Finite State Automata",
booktitle="STACS 2001",
year="2001",
publisher="Springer Berlin Heidelberg",
address="Berlin, Heidelberg",
pages="144--157",
abstract="We introduce a subclass of non deterministic finite automata (NFA) that we call Residual Finite State Automata (RFSA): a RFSA is a NFA all the states of which define residual languages of the language it recognizes. We prove that for every regular language L, there exists a unique RFSA that recognizes L and which has both a minimal number of states and a maximal number of transitions. Moreover, this canonical RFSA may be exponentially smaller than the equivalent minimal DFA but it also may have the same number of states as the equivalent minimal DFA, even if minimal equivalent NFA are exponentially smaller. We provide an algorithm that computes the canonical RFSA equivalent to a given NFA. We study the complexity of several decision and construction problems linked to the class of RFSA: most of them are PSPACE-complete.",
isbn="978-3-540-44693-4"
}
@book{kearns1994introduction,
  title={An introduction to computational learning theory},
  author={Kearns, Michael J and Vazirani, Umesh},
  year={1994},
  publisher={MIT press}
}

@misc{chen2017learning,
      title={Learning to Prove Safety over Parameterised Concurrent Systems (Full Version)}, 
      author={Yu-Fang Chen and Chih-Duo Hong and Anthony W. Lin and Philipp Ruemmer},
      year={2017},
      eprint={1709.07139},
      archivePrefix={arXiv},
      primaryClass={cs.LO}
}
 @misc{ enwiki:1184283195,
    author = "{Wikipedia contributors}",
    title = "De Morgan's laws --- {Wikipedia}{,} The Free Encyclopedia",
    year = "2023",
    url = "https://en.wikipedia.org/w/index.php?title=De_Morgan%27s_laws&oldid=1184283195",
    note = "[Online; accessed 15-December-2023]"
  }

  @misc{ enwiki:1190424473,
    author = "{Wikipedia contributors}",
    title = "Regular language --- {Wikipedia}{,} The Free Encyclopedia",
    year = "2023",
    url = "https://en.wikipedia.org/w/index.php?title=Regular_language&oldid=1190424473",
    note = "[Online; accessed 19-December-2023]"
  }

  @Article{Hunter:2007,
  Author    = {Hunter, J. D.},
  Title     = {Matplotlib: A 2D graphics environment},
  Journal   = {Computing in Science \& Engineering},
  Volume    = {9},
  Number    = {3},
  Pages     = {90--95},
  abstract  = {Matplotlib is a 2D graphics package used for Python for
  application development, interactive scripting, and publication-quality
  image generation across user interfaces and operating systems.},
  publisher = {IEEE COMPUTER SOC},
  doi       = {10.1109/MCSE.2007.55},
  year      = 2007
}

@inproceedings{ozols2005size,
  title={Size of Nondeterministic and Deterministic Automata for Certain Languages.},
  author={Ozols, Raitis and Freivalds, Rusins and Mancinska, Laura and Ozols, Maris},
  booktitle={FCS},
  pages={169--175},
  year={2005}
}

@inproceedings{bollig2010libalf,
  title={libalf: The automata learning framework},
  author={Bollig, Benedikt and Katoen, Joost-Pieter and Kern, Carsten and Leucker, Martin and Neider, Daniel and Piegdon, David R},
  booktitle={Computer Aided Verification: 22nd International Conference, CAV 2010, Edinburgh, UK, July 15-19, 2010. Proceedings 22},
  pages={360--364},
  year={2010},
  organization={Springer}
}

@inproceedings{jensen1998proof,
  title={A proof of burns n-process mutual exclusion algorithm using abstraction},
  author={Jensen, Henrik E and Lynch, Nancy A},
  booktitle={International Conference on Tools and Algorithms for the Construction and Analysis of Systems},
  pages={409--423},
  year={1998},
  organization={Springer}
}

@article{abdulla2016parameterized,
  title={Parameterized verification through view abstraction},
  author={Abdulla, Parosh and Haziza, Fr{\'e}d{\'e}ric and Hol{\'\i}k, Luk{\'a}{\v{s}}},
  journal={International Journal on Software Tools for Technology Transfer},
  volume={18},
  number={5},
  pages={495--516},
  year={2016},
  publisher={Springer}
}

@incollection{dijkstra2002cooperating,
  title={Cooperating sequential processes},
  author={Dijkstra, Edsger W},
  booktitle={The origin of concurrent programming: from semaphores to remote procedure calls},
  pages={65--138},
  year={2002},
  publisher={Springer}
}

@article{fribourg1997reachability,
  title={Reachability sets of parameterized rings as regular languages},
  author={Fribourg, Laurent and Ols{\'e}n, Hans},
  journal={Electronic Notes in Theoretical Computer Science},
  volume={9},
  pages={40},
  year={1997},
  publisher={Elsevier}
}

@inproceedings{delzanno2000automatic,
  title={Automatic verification of parameterized cache coherence protocols},
  author={Delzanno, Giorgio},
  booktitle={Computer Aided Verification: 12th International Conference, CAV 2000, Chicago, IL, USA, July 15-19, 2000. Proceedings 12},
  pages={53--68},
  year={2000},
  organization={Springer}
}

@article{dijkstra1980termination,
  title={Termination detection for diffusing computations},
  author={Dijkstra, Edsger W and Scholten, Carel S},
  journal={Information Processing Letters},
  volume={11},
  number={1},
  pages={1--4},
  year={1980},
  publisher={Elsevier}
}

@inproceedings{rivest1989inference,
  title={Inference of finite automata using homing sequences},
  author={Rivest, Ronald L and Schapire, Robert E},
  booktitle={Proceedings of the twenty-first annual ACM symposium on Theory of computing},
  pages={411--420},
  year={1989}
}

@inproceedings{bouajjani2000regular,
  title={Regular model checking},
  author={Bouajjani, Ahmed and Jonsson, Bengt and Nilsson, Marcus and Touili, Tayssir},
  booktitle={Computer Aided Verification: 12th International Conference, CAV 2000, Chicago, IL, USA, July 15-19, 2000. Proceedings 12},
  pages={403--418},
  year={2000},
  organization={Springer}
}


@article{de2005bibliographical,
  title={A bibliographical study of grammatical inference},
  author={De La Higuera, Colin},
  journal={Pattern recognition},
  volume={38},
  number={9},
  pages={1332--1348},
  year={2005},
  publisher={Elsevier}
}

@article{bloem2016decidability,
  title={Decidability in parameterized verification},
  author={Bloem, Roderick and Jacobs, Swen and Khalimov, Ayrat and Konnov, Igor and Rubin, Sasha and Veith, Helmut and Widder, Josef},
  journal={ACM SIGACT News},
  volume={47},
  number={2},
  pages={53--64},
  year={2016},
  publisher={ACM New York, NY, USA}
}

@article{holzer2015closure,
  title={Closure properties and complexity of rational sets of regular languages},
  author={Holzer, Andreas and Schallhart, Christian and Tautschnig, Michael and Veith, Helmut},
  journal={Theoretical Computer Science},
  volume={605},
  pages={62--79},
  year={2015},
  publisher={Elsevier}
}



@article{aichernig2022active,
  title={Active vs. passive: a comparison of automata learning paradigms for network protocols},
  author={Aichernig, Bernhard K and Mu{\v{s}}kardin, Edi and Pferscher, Andrea},
  journal={arXiv preprint arXiv:2209.14031},
  year={2022}
}
